@article{vanSickle1977,
author={Van Sickle, J.},
year={1977},
title={Analysis of a distributed-parameter population model based on physiological age},
journal={Journal of theoretical Biology}, 
volume={64},
number={3},
pages={571-586}}

@article{Sinko1967,
author={Sinko, J.W. and Streifer, W.},
title={A new model for age-size structure of a population},
journal={Ecology},
volume={48},
number={6},
year={1967}}

@article{Verhulst1845,
author={Verhulst, P.F.},
title={Recherches math\'{e}matiques sur la loi d'accroissement de la population},
journal={M\'{e}m. Acad. Roy. Bruxelles},
volume={18},
number={1},
year={1845}}

@article{Verhulst1847,
author={Verhulst, P.F.},
title={Recherches math\'{e}matiques sur la loi d'accroissement de la population},
journal={M\'{e}m. Acad. Roy. Bruxelles},
volume={20},
number={1},
year={1847}}

@incollection{vonFoerster1959,
author={von Foerster, H.},
title={Some remarks on changing populations},
booktitle={The Kinetics of Cellular Proliferation},
publisher={Grune and Stratton},
address={New York},
pages={382-407},
year={1959}
}

@article{Li2004,
author={Shengtai Li and Linda Petzold},
title={Adjoint sensitivity analysis for time-dependent partial differential equations with adaptive mesh refinement},
journal={Journal of Computational Physics},
volume={198},
number={1},
pages={310-325},
year={2004}}

@article{Borggaard1997,
author={Borggaard, Jeff and John Burns},
title={A {PDE} sensitivity equation method for optimal aerodynamic design},
year={1997},
journal={Journal of Computational Physics},
volume={136},
number={2},
pages={366-384}}

@book{Kot2001,
author={Kot, Mark},
year={2001},
title={Elements of mathematical ecology},
publisher={Cambridge University Press}}

@article{Angulo2014,
author={Angulo, O. and Lopez-Marcos, J. C. and Lopez-Marcos, M. A.},
year={2014},
title={Numerical Analysis of a Size-Structured Population Model with a Dynamical Resource},
journal={Biomath},
volume={3},
number={1}}

@book{Metz2014,
editor={Metz, Johan A. and Odo Diekmann},
title={The dynamics of physiologically structured populations},
publisher={Springer},
series={Lecture Notes in Biomathematics},
volume={68},
year={2014}}

@techreport{Gurtin1981,
author={Morton E. Gurtin and Lea F. Murphy},
title={On optimal harvesting with an application to age-structured populations},
institution={Mathematics Research Center, University of Wisconsin-Madison},
address={610 Walnut Street, Madison, Wisconsin},
year={1981}}

@article{McKendrick1926,
author={A.G. McKendrick},
title={Applications of mathematics to medical problems},
journal={Proceedings of the Edinburgh Mathematical Society},
volume={44},
pages={98-130},
year={1926} }

@article{Angulo2004,
author={O. Angulo and J.C. Lopez-Marcos},
title={Numerical integration of fully nonlinear size-structured models},
journal={Applied Numerical Mathmematics},
volume=50,
pages={291-327},
year={2004}}

@article{Gurtin1974,
author={M.E. Gurtin and R.C. MacCamy},
title={Non-linear Age-dependent Population Dynamics},
journal={Arch. Rational Mech. Anal.},
volume={54},
pages={281-300},
year={1974}}

@article{Gurtin1978,
author={M.E. Gurtin and R.C. MacCamy},
title={Some Simple Models for Non-linear Age-dependent Population Dynamics},
journal={Mathematical Biosciences},
volume={43},
pages={199-211},
year={1978}}

@article{Murphy1983,
author={L.F. Murphy},
title={A Nonlinear Growth Mechanism in Size Structured Population Dynamics},
journal={Journal of Theoretical Biology},
volume={104},
pages={493-506},
year={1983}}

@article{more1994lsa,
author={Jorge J. Mor\'e and D. J. Thuente},
journal={ACM Trans. Math. Software},
pages={286--307},
title={Line search algorithms with guaranteed sufficient decrease},
volume={20},
year={1994}}
